
@ARTICLE{marcel1308,
   author = {{Schmittfull}, M.~M. and {Challinor}, A. and {Hanson}, D. and 
	{Lewis}, A.},
    title = "{Joint analysis of CMB temperature and lensing-reconstruction power spectra}",
  journal = {\prd},
archivePrefix = "arXiv",
   eprint = {1308.0286},
 primaryClass = "astro-ph.CO",
 keywords = {Background radiations},
     year = 2013,
    month = sep,
   volume = 88,
   number = 6,
      eid = {063012},
    pages = {063012},
      doi = {10.1103/PhysRevD.88.063012},
   adsurl = {http://adsabs.harvard.edu/abs/2013PhRvD..88f3012S},
  adsnote = {Provided by the SAO/NASA Astrophysics Data System}
}


@ARTICLE{BenoitSmithHu1205,
   author = {{Benoit-L{\'e}vy}, A. and {Smith}, K.~M. and {Hu}, W.},
    title = "{Non-Gaussian structure of the lensed CMB power spectra covariance matrix}",
  journal = {\prd},
archivePrefix = "arXiv",
   eprint = {1205.0474},
 primaryClass = "astro-ph.CO",
 keywords = {Gravitational lenses and luminous arcs, Background radiations, Dark energy},
     year = 2012,
    month = dec,
   volume = 86,
   number = 12,
      eid = {123008},
    pages = {123008},
      doi = {10.1103/PhysRevD.86.123008},
   adsurl = {http://adsabs.harvard.edu/abs/2012PhRvD..86l3008B},
  adsnote = {Provided by the SAO/NASA Astrophysics Data System}
}


@ARTICLE{2006PhRvD..74l3002S,
   author = {{Smith}, K.~M. and {Hu}, W. and {Kaplinghat}, M.},
    title = "{Cosmological information from lensed CMB power spectra}",
  journal = {\prd},
   eprint = {astro-ph/0607315},
 keywords = {Gravitational lenses and luminous arcs, Background radiations, Observational cosmology},
     year = 2006,
    month = dec,
   volume = 74,
   number = 12,
      eid = {123002},
    pages = {123002},
      doi = {10.1103/PhysRevD.74.123002},
   adsurl = {http://adsabs.harvard.edu/abs/2006PhRvD..74l3002S},
  adsnote = {Provided by the SAO/NASA Astrophysics Data System}
}



@ARTICLE{2007PhRvD..75h3501L,
   author = {{Li}, C. and {Smith}, T.~L. and {Cooray}, A.},
    title = "{Non-Gaussian covariance of CMB B modes of polarization and parameter degradation}",
  journal = {\prd},
   eprint = {astro-ph/0607494},
 keywords = {Observational cosmology, X-ray, Mass and mass distribution, Background radiations},
     year = 2007,
    month = apr,
   volume = 75,
   number = 8,
      eid = {083501},
    pages = {083501},
      doi = {10.1103/PhysRevD.75.083501},
   adsurl = {http://adsabs.harvard.edu/abs/2007PhRvD..75h3501L},
  adsnote = {Provided by the SAO/NASA Astrophysics Data System}
}


@ARTICLE{duncan1008,
   author = {{Hanson}, D. and {Challinor}, A. and {Efstathiou}, G. and {Bielewicz}, P.
	},
    title = "{CMB temperature lensing power reconstruction}",
  journal = {\prd},
archivePrefix = "arXiv",
   eprint = {1008.4403},
 primaryClass = "astro-ph.CO",
 keywords = {Background radiations},
     year = 2011,
    month = feb,
   volume = 83,
   number = 4,
      eid = {043005},
    pages = {043005},
      doi = {10.1103/PhysRevD.83.043005},
   adsurl = {http://adsabs.harvard.edu/abs/2011PhRvD..83d3005H},
  adsnote = {Provided by the SAO/NASA Astrophysics Data System}
}


@ARTICLE{Namikawa1209,
   author = {{Namikawa}, T. and {Hanson}, D. and {Takahashi}, R.},
    title = "{Bias-hardened CMB lensing}",
  journal = {\mnras},
archivePrefix = "arXiv",
   eprint = {1209.0091},
 primaryClass = "astro-ph.CO",
 keywords = {gravitational lensing: weak, cosmic background radiation, cosmology: observations},
     year = 2013,
    month = may,
   volume = 431,
    pages = {609-620},
      doi = {10.1093/mnras/stt195},
   adsurl = {http://adsabs.harvard.edu/abs/2013MNRAS.431..609N},
  adsnote = {Provided by the SAO/NASA Astrophysics Data System}
}


@ARTICLE{cora0812,
   author = {{Dvorkin}, C. and {Smith}, K.~M.},
    title = "{Reconstructing patchy reionization from the cosmic microwave background}",
  journal = {\prd},
archivePrefix = "arXiv",
   eprint = {0812.1566},
 keywords = {Background radiations},
     year = 2009,
    month = feb,
   volume = 79,
   number = 4,
      eid = {043003},
    pages = {043003},
      doi = {10.1103/PhysRevD.79.043003},
   adsurl = {http://adsabs.harvard.edu/abs/2009PhRvD..79d3003D},
  adsnote = {Provided by the SAO/NASA Astrophysics Data System}
}


@ARTICLE{Planck2013Lensing,
   author = {{Planck Collaboration} and {Ade}, P.~A.~R. and {Aghanim}, N. and 
	{Armitage-Caplan}, C. and {Arnaud}, M. and {Ashdown}, M. and 
	{Atrio-Barandela}, F. and {Aumont}, J. and {Baccigalupi}, C. and 
	{Banday}, A.~J. and et al.},
    title = "{Planck 2013 results. XVII. Gravitational lensing by large-scale structure}",
  journal = {\aap},
archivePrefix = "arXiv",
   eprint = {1303.5077},
 keywords = {gravitational lensing: weak, methods: data analysis, cosmic, background radiation, large-scale structure of Universe},
     year = 2014,
    month = nov,
   volume = 571,
      eid = {A17},
    pages = {A17},
      doi = {10.1051/0004-6361/201321543},
   adsurl = {http://adsabs.harvard.edu/abs/2014A%26A...571A..17P},
  adsnote = {Provided by the SAO/NASA Astrophysics Data System}
}



@ARTICLE{HirataSeljak0209489,
   author = {{Hirata}, C.~M. and {Seljak}, U.},
    title = "{Analyzing weak lensing of the cosmic microwave background using the likelihood function}",
  journal = {\prd},
   eprint = {astro-ph/0209489},
 keywords = {Mathematical procedures and computer techniques, Gravitational lenses and luminous arcs, Observational cosmology},
     year = 2003,
    month = feb,
   volume = 67,
   number = 4,
      eid = 043001,
    pages = 043001,
      doi = {10.1103/PhysRevD.67.043001},
   adsurl = {http://adsabs.harvard.edu/abs/2003PhRvD..67d3001H},
  adsnote = {Provided by the SAO/NASA Astrophysics Data System}
}
